% This file was created with JabRef 2.6.
% Encoding: Cp1252

@BOOK{bishop06,
  title = {Pattern Recognition and Machine Learning (Information Science and
	Statistics)},
  publisher = {Springer-Verlag New York, Inc.},
  year = {2006},
  author = {Bishop, Christopher M.},
  address = {Secaucus, NJ, USA},
  isbn = {0387310738},
  owner = {Landstad},
  timestamp = {2011.03.01}
}

@MISC{bottou11,
  author = {Léon Bottou},
  title = {Stochastic Gradient Descent Examples on Toy Problems},
  month = {March},
  year = {2011},
  owner = {Jonas},
  timestamp = {2011.01.26},
  url = {http://leon.bottou.org/projects/sgd}
}

@MISC{elkan11,
  author = {Elkan, Charles},
  title = {Log-linear models and conditional random fields},
  year = {2011},
  journal = {Lecture Notes of CSE 250B: Principles of Artificial Intelligence:
	Learning},
  owner = {Jonas},
  timestamp = {2011.01.14}
}


@PHDTHESIS{huyssteen03,
  author = {Huyssteen, Linda Van},
  title = {A Practical Approach to the Standardisation and Elaboration of Zulu as a Technical Language},
  school = {University of South Africa},
  year = {2003},
  month = {November},
  owner = {Landstad},
  timestamp = {2011.03.01}
}


@comment{jabref-meta: selector_publisher:}

@comment{jabref-meta: selector_author:}

@comment{jabref-meta: selector_journal:}

@comment{jabref-meta: selector_keywords:}

