% This file was created with JabRef 2.6.
% Encoding: Cp1252

@BOOK{bishop,
  title = {Pattern Recognition and Machine Learning (Information Science and
	Statistics)},
  publisher = {Springer-Verlag New York, Inc.},
  year = {2006},
  author = {Bishop, Christopher M.},
  address = {Secaucus, NJ, USA},
  isbn = {0387310738}
}

@ARTICLE{elkan,
  author = {Elkan, Ch.},
  title = {Nearest Neighbor Classification},
  journal = {Lecture Notes of CSE 250B: Principles of Artificial Intelligence:
	Learning},
  year = {2011},
  volume = {1},
  pages = {1-7},
  owner = {Jonas},
  timestamp = {2011.01.14}
}

@INPROCEEDINGS{keysers,
  author = {Keysers, D. and Dahmen, J. and Theiner, T. and Ney, H.},
  title = {Experiments with an extended tangent distance},
  booktitle = {Pattern Recognition, 2000. Proceedings. 15th International Conference
	on},
  year = {2000},
  volume = {2},
  pages = {38 -42 vol.2},
  doi = {10.1109/ICPR.2000.906014},
  keywords = {Bayesian classifier;handwritten digit recognition;image classification;image
	distortion model;object recognition;radiographs;tangent distance;Bayes
	methods;handwritten character recognition;image classification;medical
	image processing;object recognition;}
}

@ARTICLE{LeCun,
  author = {LeCun, Y. and Boser, B. and Denker, J. S. and Henderson, D. and Howard,
	R. E. and Hubbard, W. and Jackel, L. D.},
  title = {Backpropagation applied to handwritten zip code recognition},
  journal = {Neural Comput.},
  year = {1989},
  volume = {1},
  pages = {541--551},
  month = {December},
  acmid = {1351090},
  address = {Cambridge, MA, USA},
  doi = {10.1162/neco.1989.1.4.541},
  issn = {0899-7667},
  issue = {4},
  numpages = {11},
  publisher = {MIT Press},
  url = {http://portal.acm.org/citation.cfm?id=1351079.1351090}
}

@INPROCEEDINGS{shivas,
  author = {Shivaswamy, P. and Jebara, T.},
  title = {Relative Margin Machines},
  booktitle = {Neural Information Processing Systems},
  year = {2008},
  editor = {Koller, D. and Schuurman, D. and Bengio, Y. and Bottou, L.},
  pages = {1481-1488},
  organization = {NIPS},
  publisher = {MIT-Press}
}

@INPROCEEDINGS{Simard,
  author = {Simard, Patrice and LeCun, Yann and Denker, John S.},
  title = {Efficient Pattern Recognition Using a New Transformation Distance},
  booktitle = {Advances in Neural Information Processing Systems 5, [NIPS Conference]},
  year = {1993},
  pages = {50--58},
  address = {San Francisco, CA, USA},
  publisher = {Morgan Kaufmann Publishers Inc.},
  acmid = {668226},
  isbn = {1-55860-274-7},
  numpages = {9},
  url = {http://portal.acm.org/citation.cfm?id=645753.668226}
}

@ARTICLE{Simard2,
  author = {Simard, P. Y. and LeCun, Y. and Denker, J. S. and Victorri, B.},
  title = {Transformation Invariance in Pattern Recognition -- Tangent Distance
	and Tangent Propagation},
  journal = {International Journal of Imaging Systems and Technology},
  year = {2001},
  volume = {11},
  pages = {1},
  number = {3},
  original = {orig/simard-00.ps.gz}
}

