% This file was created with JabRef 2.6.
% Encoding: Cp1252

@BOOK{bishop,
  title = {Pattern Recognition and Machine Learning (Information Science and
	Statistics)},
  publisher = {Springer-Verlag New York, Inc.},
  year = {2006},
  author = {Bishop, Christopher M.},
  address = {Secaucus, NJ, USA},
  isbn = {0387310738}
}

@MISC{elkan,
  author = {Elkan, Ch.},
  title = {Nearest Neighbor Classification},
  year = {2011},
  journal = {Lecture Notes of CSE 250B: Principles of Artificial Intelligence:
	Learning},
  owner = {Jonas},
  timestamp = {2011.01.14}
}

