% This file was created with JabRef 2.6.
% Encoding: Cp1252

@BOOK{bishop06,
  title = {Pattern Recognition and Machine Learning (Information Science and
	Statistics)},
  publisher = {Springer-Verlag New York, Inc.},
  year = {2006},
  author = {Bishop, Christopher M.},
  address = {Secaucus, NJ, USA},
  isbn = {0387310738},
  owner = {Landstad},
  timestamp = {2011.03.01}
}

@ARTICLE{blei02,
  author = {Blei, David M. and Ng, Andrew Y. and Jordan, Michael I.},
  title = {Latent dirichlet allocation},
  journal = {J. Mach. Learn. Res.},
  year = {2003},
  volume = {3},
  pages = {993--1022},
  month = {March},
  acmid = {944937},
  doi = {http://dx.doi.org/10.1162/jmlr.2003.3.4-5.993},
  issn = {1532-4435},
  numpages = {30},
  publisher = {JMLR.org},
  url = {http://dx.doi.org/10.1162/jmlr.2003.3.4-5.993}
}

@MISC{elkan11,
  author = {Elkan, Charles},
  title = {Log-linear models and conditional random fields},
  year = {2011},
  journal = {Lecture Notes of CSE 250B: Principles of Artificial Intelligence:
	Learning},
  owner = {Jonas},
  timestamp = {2011.01.14}
}

@comment{jabref-meta: selector_publisher:}

@comment{jabref-meta: selector_author:}

@comment{jabref-meta: selector_journal:}

@comment{jabref-meta: selector_keywords:}

